% Encoding: UTF-8

@Misc{diplomnoe_proect,
  title     = {Вычислительные машины, системы и сети: дипломное проектирование (методическое пособие)},
  date      = {2023-11-29},
  url       = {https://www.bsuir.by/m/12_100229_1_136308.pdf},
  comment   = {Дата доступа --- 2023-11-29},
  timestamp = {2023-11-29},
    language  = {russian},
    hyphenation={russian},
}

@Book{book_komp_science_olifer,
  title        = {Компьютерные сети. Принципы, технологии, протоколы},
  author       = {Олифер, В.},
  pages        = {992},
  year         = {2019},
  publisher    = {Питер},
  date         = {2023-11-29},
  language  = {russian},
  hyphenation={russian},
}

@Book{book_komp_science_tanen,
  title        = {Компьютерные сети},
  author       = {Таненбаум, Э.},
  pages        = {955},
  year         = {2017},
  publisher    = {Питер},
  date         = {2023-11-29},
  language  = {russian},
  hyphenation={russian},
}

@Misc{optovolokno_what_is,
  title     = {Что такое одномодовое волокно: типы, преимущества и применения },
  date      = {2023-11-29},
  url       = {https://community.fs.com/ru/blog/single-mode-fiber-os1-vs-os2-what-is-the-difference.html},
  comment   = {Дата доступа --- 2023-11-29},
  timestamp = {2023-11-29},
}

@Misc{optovolokno_color,
  title     = {Цветовая маркировка оптоволокна: как избежать ошибки?},
  date      = {2023-11-29},
  url       = {https://fibertop.ru/tcvetovaia-markirovka-optovolokna/},
  comment   = {Дата доступа --- 2023-11-29},
  timestamp = {2023-11-29},
}

@Misc{idc,
  title     = {International Data Corporation},
  date      = {2023-11-29},
  url       = {https://www.idc.com/},
  comment   = {Дата доступа --- 2023-11-29},
  timestamp = {2023-11-29},
}

@Misc{wi-fi_vysokoy_plotnosti,
  title     = {Wi-Fi высокой плотности},
  date      = {2023-11-29},
  url       = {https://www.styletele.com/Solutions/besprovodnye-seti-peredachi-dannykh-wi-fi/wi-fi-vysokoy-plotnosti/},
  comment   = {Дата доступа --- 2023-11-29},
  timestamp = {2023-11-29},
}

@Misc{ieee_802.11,
  title     = {Описание стандарта IEEE 802.11},
  date      = {2023-11-29},
  url       = {https://standards.ieee.org/ieee/802.11/5536/},
  comment   = {Дата доступа --- 2023-11-29},
  timestamp = {2023-11-29},
}

@Misc{bridge_mikro,
  title     = {Bridge MikroTik},
  date      = {2023-11-29},
  url       = {https://uchet-jkh.ru/i/bridge-mikrotik-cto-eto},
  comment   = {Дата доступа --- 2023-11-29},
  timestamp = {2023-11-29},
}


@Misc{what_is_wlan,
  title     = {What Is a Wireless LAN?},
  date      = {2023-11-29},
  url       = {https://www.cisco.com/c/en/us/products/wireless/wireless-lan.html},
  comment   = {Дата доступа --- 2023-11-29},
  timestamp = {2023-11-29},
}

@Misc{interfer,
  title     = {Интерференция волн},
  date      = {2023-11-29},
  url       = {http://www.femto.com.ua/articles/part_1/1390.html},
  comment   = {Дата доступа --- 2023-11-29},
  timestamp = {2023-11-29},
}

@Misc{dlna_what_is,
  title     = {Everything you need to know about DLNA: The de facto home-entertainment network standard},
  date      = {2023-11-29},
  url       = {https://www.techhive.com/article/601710/how-to-get-started-with-dlna.html},
  comment   = {Дата доступа --- 2023-11-29},
  timestamp = {2023-11-29},
}

@Misc{awind-mctivia-review,
  title     = {McTiVia Wi-Fi receiver},
  date      = {2023-11-29},
  url       = {https://www.cnet.com/reviews/awind-mctivia-review/},
  comment   = {Дата доступа --- 2023-11-29},
  timestamp = {2023-11-29},
}

@Misc{mikrotik,
  title     = {Официальный сайт MikroTik},
  date      = {2023-11-29},
  url       = {https://mikrotik.com/},
  comment   = {Дата доступа --- 2023-11-29},
  timestamp = {2023-11-29},
}

@Misc{routerboard,
  title     = {MikroTik RouterBOARD},
  date      = {2023-11-29},
  url       = {https://mikrotik.com/products/group/routerboard},
  comment   = {Дата доступа --- 2023-11-29},
  timestamp = {2023-11-29},
}

@Misc{mikrotik_academy,
  title     = {MikroTik Academy},
  date      = {2023-11-29},
  url       = {https://mikrotik.com/training/academy},
  comment   = {Дата доступа --- 2023-11-29},
  timestamp = {2023-11-29},
}

@Misc{mum_mikrotik,
  title     = {MikroTik User Meeting},
  date      = {2023-11-29},
  url       = {https://mum.mikrotik.com/},
  comment   = {Дата доступа --- 2023-11-29},
  timestamp = {2023-11-29},
}

@Misc{CCR2004-16G-2SPC,
  title     = {Маршрутизатор Mikrotik CCR2004-16G-2SPC},
  date      = {2023-11-29},
  url       = {https://shopnag.by/catalog/33635/56693.CCR2004-16G-2SPC},
  comment   = {Дата доступа --- 2023-11-29},
  timestamp = {2023-11-29},
}

@Misc{L009UiGS-RM,
  title     = {Маршрутизатор Mikrotik L009UiGS-RM},
  date      = {2023-11-29},
  url       = {https://catalog.onliner.by/dslmodem/mikrotik/l009uigsrm},
  comment   = {Дата доступа --- 2023-11-29},
  timestamp = {2023-11-29},
}

@Misc{CCR2116-12G-4S,
  title     = {Маршрутизатор Mikrotik CCR2116-12G-4S},
  date      = {2023-11-29},
  url       = {https://netair.by/-high/4534-mikrotik-ccr2116-12g-4s.html},
  comment   = {Дата доступа --- 2023-11-29},
  timestamp = {2023-11-29},
}


@Misc{audiencelte6kit,
  title     = {Точка доступа Mikrotik Audience LTE6 kit},
  date      = {2023-11-29},
  url       = {https://catalog.onliner.by/wirelessap/mikrotik/audiencelte6kit},
  comment   = {Дата доступа --- 2023-11-29},
  timestamp = {2023-11-29},
}

@Misc{rbwapr2nd,
  title     = {Точка доступа Mikrotik wAP R},
  date      = {2023-11-29},
  url       = {https://catalog.onliner.by/wirelessap/mikrotik/rbwapr2nd},
  comment   = {Дата доступа --- 2023-11-29},
  timestamp = {2023-11-29},
}

@Misc{lhglte18kit,
  title     = {Точка доступа Mikrotik LHG LTE18 kit},
  date      = {2023-11-29},
  url       = {https://catalog.onliner.by/wirelessap/mikrotik/lhglte18kit},
  comment   = {Дата доступа --- 2023-11-29},
  timestamp = {2023-11-29},
}

@Misc{real_speed,
  title     = {Реальная скорость соединения, используемая в технологии Wi-Fi},
  date      = {2023-11-29},
  url       = {https://clck.ru/Egwfg},
  comment   = {Дата доступа --- 2023-11-29},
  timestamp = {2023-11-29},
}

@Misc{shassi-hp-c7000-g3-enclosure,
  title     = {Блейд-шасси HP c7000 G3 Enclosure},
  date      = {2023-11-29},
  url       = {https://forpro.by/product/shassi-hp-c7000-g3-enclosure/},
  comment   = {Дата доступа --- 2023-11-29},
  timestamp = {2023-11-29},
}

@Misc{poweredge-mx7000-dell,
  title     = {Блейд-шасси Dell PowerEdge MX7000},
  date      = {2023-11-29},
  url       = {https://www.vksgroup.by/product/modulnyj-korpus-poweredge-mx7000-dell/},
  comment   = {Дата доступа --- 2023-11-29},
  timestamp = {2023-11-29},
}


@Misc{bladecenter_chassis_h,
  title     = {Блейд-шасси IBM BLADECENTER H CHASSIS},
  date      = {2023-11-29},
  url       = {https://www.karma-group.ru/catalog/blade_chassis_ibm/bladecenter_chassis_h/},
  comment   = {Дата доступа --- 2023-11-29},
  timestamp = {2023-11-29},
}

@Misc{bl460c-gen9,
  title     = {Лезвие HP BL460c Gen9},
  date      = {2023-11-29},
  url       = {https://forpro.by/product/lezvie-hp-bl460c-gen9-2xxeon-e5-2670v312-core-2-3-3-1-ghz-96gt-s-128gb-p244/},
  comment   = {Дата доступа --- 2023-11-29},
  timestamp = {2023-11-29},
}

@Misc{bl460c-gen8,
  title     = {Лезвие HP BL460c Gen8},
  date      = {2023-11-29},
  url       = {https://forpro.by/product/lezvie-hp-bl460c-gen8-2xxeon-e5-26508-core-2-0-2-8-ghz-8gt-s-64gb-p220i/},
  comment   = {Дата доступа --- 2023-11-29},
  timestamp = {2023-11-29},
}

@Misc{bl460c-gen10,
  title     = {Лезвие HP BL460c Gen10},
  date      = {2023-11-29},
  url       = {https://www.hpe.com/psnow/doc/a00008517enw},
  comment   = {Дата доступа --- 2023-11-29},
  timestamp = {2023-11-29},
}

@Misc{hp-blade-switch,
  title     = {Модуля доступа к сети HP 6125G Ethernet Blade Switch},
  date      = {2023-11-29},
  url       = {https://forpro.by/product/hp-blade-switch-hp-6125g-xg-4x-1gb-rj45-4x-sfp-sfp-1gb-10gb-irf/},
  comment   = {Дата доступа --- 2023-11-29},
  timestamp = {2023-11-29},
}

@Misc{pc,
  title     = {Компьютер Jet Gamer 5i11400FD32HD2SD48X306TIG3W7},
  date      = {2023-11-29},
  url       = {https://catalog.onliner.by/desktoppc/jets/jet5i11400ee790e},
  comment   = {Дата доступа --- 2023-11-29},
  timestamp = {2023-11-29},
}



@Misc{dell_p2419h,
  title     = {Монитор Dell P2419H},
  date      = {2023-11-29},
  url       = {https://catalog.onliner.by/display/dell/p2419h},
  comment   = {Дата доступа --- 2023-11-29},
  timestamp = {2023-11-29},
}

@Misc{hp_1fh49aa,
  title     = {Монитор HP EliteDisplay E243i},
  date      = {2023-11-29},
  url       = {https://catalog.onliner.by/display/hp/1fh49aa},
  comment   = {Дата доступа --- 2023-11-29},
  timestamp = {2023-11-29},
}

@Misc{asus_va24dq,
  title     = {Монитор ASUS VA24DQ},
  date      = {2023-11-29},
  url       = {https://catalog.onliner.by/display/asus/va24dq},
  comment   = {Дата доступа --- 2023-11-29},
  timestamp = {2023-11-29},
}

@Misc{wired600usb,
  title     = {Клавиатура Microsoft Wired 600 USB},
  date      = {2023-11-29},
  url       = {https://catalog.onliner.by/keyboards/microsoft/wired600usb},
  comment   = {Дата доступа --- 2023-11-29},
  timestamp = {2023-11-29},
}

@Misc{dell_275bbcb,
  title     = {Мышь Dell Optical Mouse MS116},
  date      = {2023-11-29},
  url       = {https://catalog.onliner.by/mouse/dell/275bbcb},
  comment   = {Дата доступа --- 2023-11-29},
  timestamp = {2023-11-29},
}

@Misc{canon_pixmag540,
  title     = {Принтер Canon PIXMA G540},
  date      = {2023-11-29},
  url       = {https://catalog.onliner.by/printers/canon/pixmag540},
  comment   = {Дата доступа --- 2023-11-29},
  timestamp = {2023-11-29},
}

@Misc{epson_c11ch44404,
  title     = {Принтер Epson M1170},
  date      = {2023-11-29},
  url       = {https://catalog.onliner.by/printers/epson/c11ch44404},
  comment   = {Дата доступа --- 2023-11-29},
  timestamp = {2023-11-29},
}

@Misc{hp_d9l63a,
  title     = {Принтер HP OfficeJet Pro 8210},
  date      = {2023-11-29},
  url       = {https://catalog.onliner.by/printers/hp/d9l63a},
  comment   = {Дата доступа --- 2023-11-29},
  timestamp = {2023-11-29},
}

@Misc{xerox/b310vdni,
  title     = {Принтер Xerox B310},
  date      = {2023-11-29},
  url       = {https://catalog.onliner.by/printers/xerox/b310vdni},
  comment   = {Дата доступа --- 2023-11-29},
  timestamp = {2023-11-29},
}

@Misc{smart_board,
  title     = {Интерактивный дисплей Smart Board MX286-V2},
  date      = {2023-11-29},
  url       = {https://clck.ru/36rTrJ},
  comment   = {Дата доступа --- 2023-11-29},
  timestamp = {2023-11-29},
}

@Misc{interwrite-mtm-65t9,
  title     = {Интерактивная панель Interwrite MTM-65T9},
  date      = {2023-11-29},
  url       = {https://school-store.ru/catalog/osnashchenie-uchebnogo-kabineta/interaktivnye-displei/interaktivnaya-panel-interwrite-mtm-65t9/},
  comment   = {Дата доступа --- 2023-11-29},
  timestamp = {2023-11-29},
}

@Misc{interaktivnye_paneli_46152,
  title     = {Интерактивная панель NextPanel 65P},
  date      = {2023-11-29},
  url       = {https://www.delight2000.com/equipment/interaktivnye_paneli/46152/},
  comment   = {Дата доступа --- 2023-11-29},
  timestamp = {2023-11-29},
}


@Misc{win_10,
  title     = {Скачать Windows 10},
  date      = {2023-11-29},
  url       = {https://www.microsoft.com/ru-ru/software-download/windows10},
  comment   = {Дата доступа --- 2023-11-29},
  timestamp = {2023-11-29},
}

@Misc{router_os,
  title     = {RouterOS},
  date      = {2023-11-29},
  url       = {https://mikrotik.com/software},
  comment   = {Дата доступа --- 2023-11-29},
  timestamp = {2023-11-29},
}



@Misc{server_support_os,
  title     = {HPE Servers Support  Certification Matrices},
  date      = {2023-11-29},
  url       = {https://techlibrary.hpe.com/us/en/enterprise/servers/supportmatrix/index.aspx},
  comment   = {Дата доступа --- 2023-11-29},
  timestamp = {2023-11-29},
}

@Misc{server_top_os,
  title     = {Серверные операционные системы},
  date      = {2023-11-29},
  url       = {https://itelon.ru/blog/servernye-operatsionnye-sistemy/},
  comment   = {Дата доступа --- 2023-11-29},
  timestamp = {2023-11-29},
}

@Misc{microsoft_azure,
  title     = {Microsoft Azure},
  date      = {2023-11-29},
  url       = {https://azure.microsoft.com/en-us},
  comment   = {Дата доступа --- 2023-11-29},
  timestamp = {2023-11-29},
}

@Misc{adresses_rb,
  title     = {Блок доступных адресов для Беларуси},
  date      = {2023-11-29},
  url       = {https://ftp.ripe.net/pub/stats/ripencc/delegated-ripencc-extended-20231128},
  comment   = {Дата доступа --- 2023-11-29},
  timestamp = {2023-11-29},
}

@Misc{configuration_blade_systeb,
  title     = {Configuring HPE BladeSystem enclosures and enclosure devices},
  date      = {2023-11-29},
  url       = {https://support.hpe.com/hpesc/public/docDisplay?docId=sd00001052en_us&page=GUID-34E1729E-FFFD-444B-8505-96B1C08693A7.html},
  comment   = {Дата доступа --- 2023-11-29},
  timestamp = {2023-11-29},
}

@Misc{smart_mirror,
  title     = {Офицальный сайт SMART Mirror},
  date      = {2023-11-29},
  url       = {https://www.smartmirror.link/},
  comment   = {Дата доступа --- 2023-11-29},
  timestamp = {2023-11-29},
}
@Misc{drweb,
  title     = {Офицальный сайт Dr.Web},
  date      = {2023-11-29},
  url       = {https://www.drweb.ru/},
  comment   = {Дата доступа --- 2023-11-29},
  timestamp = {2023-11-29},
}


@Misc{kaspersky,
  title     = {Офицальный сайт Kaspersky},
  date      = {2023-11-29},
  url       = {https://www.kaspersky.com/},
  comment   = {Дата доступа --- 2023-11-29},
  timestamp = {2023-11-29},
}

@Misc{esetnod32,
  title     = {Офицальный сайт ESET NOD32},
  date      = {2023-11-29},
  url       = {https://www.esetnod32.ru/},
  comment   = {Дата доступа --- 2023-11-29},
  timestamp = {2023-11-29},
}

@Misc{products_drweb,
  title     = {Конструктор лицензий антивируса Dr.Web для бизнеса и госучреждений},
  date      = {2023-11-29},
  url       = {https://products.drweb.ru/biz/v4/},
  comment   = {Дата доступа --- 2023-11-29},
  timestamp = {2023-11-29},
}

@Misc{business_skaff,
  title     = {Шкаф укомплектованный TWT 19″ серии Business TWT-CBB-42U-6×10-P1},
  date      = {2023-11-29},
  url       = {https://datastream.by/shkaf-ukomplektovannyj-twt-19-serii-business-twt-cbb-42u-6x10-p1/},
  comment   = {Дата доступа --- 2023-11-29},
  timestamp = {2023-11-29},
}

@Misc{cmo_skaff,
  title     = {Шкаф телекоммуникационный напольный 47U ЦМО ШТК-М-47.6.10-44АА-9005},
  date      = {2023-11-29},
  url       = {https://datastream.by/shkaf-telekommunikatsionnyj-napolnyj-47u-tsmo-shtk-m-47-6-10-44aa-9005/},
  comment   = {Дата доступа --- 2023-11-29},
  timestamp = {2023-11-29},
}

@Misc{mosaic76564_legrand,
  title     = {Розетка информационная Legrand Mosaic 76564},
  date      = {2023-11-29},
  url       = {https://www.21vek.by/electrical_switches_sockets/mosaic76564_legrand.html},
  comment   = {Дата доступа --- 2023-11-29},
  timestamp = {2023-11-29},
}

@Misc{glossagsl000181k_schneider_electric,
  title     = {Розетка информационная Schneider Electric Glossa GSL000181K},
  date      = {2023-11-29},
  url       = {https://www.21vek.by/electrical_switches_sockets/glossagsl000181k_schneider_electric.html},
  comment   = {Дата доступа --- 2023-11-29},
  timestamp = {2023-11-29},
}


@Misc{vitaya_para,
  title     = {Витая пара: категории, обжим, советы по работе},
  date      = {2023-11-29},
  url       = {https://skomplekt.com/vitaya-para-kategorii-obzhim-sovetyi/},
  comment   = {Дата доступа --- 2023-11-29},
  timestamp = {2023-11-29},
}

@Misc{kabel-legrand,
  title     = {Кабель Legrand UTP кат.5Е PVC 4 пары 305м},
  date      = {2023-11-29},
  url       = {https://wsd.by/catalog/kabel-provod-shnur/utp-ftp-kabel-vitaya-para/kabel-legrand/kabel-utp-kat-5e-pvc-4-pary-305m/},
  comment   = {Дата доступа --- 2023-11-29},
  timestamp = {2023-11-29},
}

@Misc{kabel-corex,
  title     = {Кабель Corex UTP 5e 4x2x24AWG 305м},
  date      = {2023-11-29},
  url       = {https://wsd.by/catalog/kabel-provod-shnur/utp-ftp-kabel-vitaya-para/kabel-utp-5e-4x2x24awg-sopper-indoor-pvc-200mhz-305m-in-a-box-/},
  comment   = {Дата доступа --- 2023-11-29},
  timestamp = {2023-11-29},
}

@Misc{kabel-skynet,
  title     = {Кабель SkyNet UTP кат. 5е},
  date      = {2023-11-29},
  url       = {https://wsd.by/catalog/kabel-provod-shnur/utp-ftp-kabel-vitaya-para/kabel-skynet/kabel-vitaya-para-kat-5e-skynet-utp-indoor-4x2x24awg-cu/},
  comment   = {Дата доступа --- 2023-11-29},
  timestamp = {2023-11-29},
}

@Misc{opticheskiy-simplex-sc-apc-sc-apc,
  title     = {Шнур оптический simplex SC/APC-SC/APC 9/125 sm 1м LSZH},
  date      = {2023-11-29},
  url       = {https://server-x.by/cabeus-fop-s-9-sc-apc-sc-apc-1m-shnur-opticheskiy-simplex-sc-apc-sc-apc-9-125-sm-1m-lszh.html},
  comment   = {Дата доступа --- 2023-11-29},
  timestamp = {2023-11-29},
}

@Misc{transivery_opticheskie_gr_s1_w5540s,
  title     = {Трансивер оптический GateRay GR-S1-W5540S SFP модуль WDM},
  date      = {2023-11-29},
  url       = {https://fibertool.by/catalog/sale/transivery_opticheskie_/gr_s1_w5540s/},
  comment   = {Дата доступа --- 2023-11-29},
  timestamp = {2023-11-29},
}

@Misc{zatux,
  title     = {Значения затухания сигнала через различные объекты},
  date      = {2023-11-29},
  url       = {https://vetriks.ru/tech-library/171-cisco-021-05.html},
  comment   = {Дата доступа --- 2023-11-29},
  timestamp = {2023-11-29},
}


@Comment{jabref-meta: databaseType:biblatex;}

